@inproceedings{1971_akiyama,
  title={An Example of Software System Debugging.},
  author={Akiyama, Fumio},
  booktitle={IFIP Congress (1)},
  volume={71},
  pages={353--359},
  year={1971}
}
@article{1984_gaffney_estimating,
  author={Gaffney, John E.},
  journal={Software Engineering, IEEE Transactions on},
  title={Estimating the Number of Faults in Code},
  year={1984},
  month={July},
  volume={SE-10},
  number={4},
  pages={459-464},
  doi={10.1109/TSE.1984.5010260},
  ISSN={0098-5589}
}
@article{1984_henry_evaluation,
  title={The evaluation of software systems' structure using quantitative software metrics},
  author={Henry, Sallie and Kafura, Dennis},
  journal={Software: Practice and Experience},
  volume={14},
  number={6},
  pages={561--573},
  year={1984},
  publisher={Wiley Online Library}
}
@article{2000_graves_predicting,
  title={Predicting fault incidence using software change history},
  author={Graves, Todd L and Karr, Alan F and Marron, James S and Siy, Harvey},
  journal={Software Engineering, IEEE Transactions on},
  volume={26},
  number={7},
  pages={653--661},
  year={2000},
  publisher={IEEE}
}
@article{2001_bagnall_nrp,
  title={The next release problem},
  author={Bagnall, Anthony J. and Rayward-Smith, Victor J. and Whittley, Ian M},
  journal={Information and software technology},
  volume={43},
  number={14},
  pages={883--890},
  year={2001},
  publisher={Elsevier}
}
@article{2004_li_emperical_eval,
  author = {Li, Paul Luo and Shaw, Mary and Herbsleb, Jim and Ray, Bonnie and Santhanam, P.},
  title = {Empirical Evaluation of Defect Projection Models for Widely-deployed Production Software Systems},
  journal = {SIGSOFT Softw. Eng. Notes},
  issue_date = {November 2004},
  volume = {29},
  number = {6},
  month = oct,
  year = {2004},
  issn = {0163-5948},
  pages = {263--272},
  numpages = {10},
  url = {http://doi.acm.org/10.1145/1041685.1029930},
  doi = {10.1145/1041685.1029930},
  acmid = {1029930},
  publisher = {ACM},
  address = {New York, NY, USA},
  keywords = {COTS, defect modeling, empirical research, maintenance resource planning, open source software, software insurance}
}
@inproceedings{2007_zhang_multi_obj_nrp,
  title={The multi-objective next release problem},
  author={Zhang, Yuanyuan and Harman, Mark and Mansouri, S Afshin},
  booktitle={Proceedings of the 9th annual conference on Genetic and evolutionary computation},
  pages={1129--1137},
  year={2007},
  organization={ACM}
}
@inproceedings{2010_jiang_hybrid,
  title={A hybrid ACO algorithm for the next release problem},
  author={Jiang, He and Zhang, Jingyuan and Xuan, Jifeng and Ren, Zhilei and Hu, Yan},
  booktitle={Software Engineering and Data Mining (SEDM), 2010 2nd International Conference on},
  pages={166--171},
  year={2010},
  organization={IEEE}
}
@inproceedings{2010_singh_predicting,
  title={Predicting software bugs using ARIMA model},
  author={Singh, Lisham L and Abbas, Al Muhsen and Ahmad, Flaih and Ramaswamy, Srinivasan},
  booktitle={Proceedings of the 48th Annual Southeast Regional Conference},
  pages={27},
  year={2010},
  organization={ACM}
}
@incollection{2012_harman_search,
  title={Search based software engineering: Techniques, taxonomy, tutorial},
  author={Harman, Mark and McMinn, Phil and De Souza, Jerffeson Teixeira and Yoo, Shin},
  booktitle={Empirical software engineering and verification},
  pages={1--59},
  year={2012},
  publisher={Springer}
}
@article{2012_xuan_solving,
  title={Solving the large scale next release problem with a backbone-based multilevel algorithm},
  author={Xuan, Jifeng and Jiang, He and Ren, Zhilei and Luo, Zhongxuan},
  journal={Software Engineering, IEEE Transactions on},
  volume={38},
  number={5},
  pages={1195--1212},
  year={2012},
  publisher={IEEE}
}
@inproceedings{2005_nagappan_codechurn,
  title={Use of relative code churn measures to predict system defect density},
  author={Nagappan, Nachiappan and Ball, Thomas},
  booktitle={Software Engineering, 2005. ICSE 2005. Proceedings. 27th International Conference on},
  pages={284--292},
  year={2005},
  organization={IEEE}
}
@inproceedings{2011_giger_finegrained,
  title={Comparing fine-grained source code changes and code churn for bug prediction},
  author={Giger, Emanuel and Pinzger, Martin and Gall, Harald C},
  booktitle={Proceedings of the 8th Working Conference on Mining Software Repositories},
  pages={83--92},
  year={2011},
  organization={ACM}
}
@book{box_jenkins_reinsel_2008,
  title={Time Series Analysis},
  author={Box, George E. P and Jenkins, Gwilym M and Reinsel, Gregory C},
  place={Hoboken, N.J.},
  publisher={John Wiley},
  year={2008}
}
@book{franses1998time,
  title={Time series models for business and economic forecasting},
  author={Franses, Philip Hans},
  year={1998},
  publisher={Cambridge university press}
}
@inproceedings{yang2005stationarity,
  title={On the stationarity of multivariate time series for correlation-based data analysis},
  author={Yang, Kiyoung and Shahabi, Cyrus},
  booktitle={Data Mining, Fifth IEEE International Conference on},
  pages={4--pp},
  year={2005},
  organization={IEEE}
}
@book{moon2000mathematical,
  title={Mathematical methods and algorithms for signal processing},
  author={Moon, Todd K and Stirling, Wynn C},
  volume={1},
  year={2000},
  publisher={Prentice hall New York}
}
